@incollection{backus,
 author = {Backus, John},
 chapter = {Can programming be liberated from the von Neumann style?: a functional style and its algebra of programs},
 title = {ACM Turing award lectures},
 year = {2007},
 pages = {1977--},
 url = {http://doi.acm.org/10.1145/1283920.1283933},
 doi = {http://doi.acm.org/10.1145/1283920.1283933},
 acmid = {1283933},
 publisher = {ACM},
 address = {New York, NY, USA},
 keywords = {APL, Algol, algebra of programs, applicative computing systems, applicative state transition systems, combining forms, functional forms, functional programming, metacomposition, models of computing systems, program correctness, program termination, program transformation, programming languages, von Neumann computers, von Neumann languages},
} 
